@inproceedings{nevens2024benchmark,
  title     = {A Benchmark for Recipe Understanding in Artificial Agents},
  author    = {Nevens, Jens and de Haes, Robin and Ringe, Rachel and Pomarlan, Mihai and Porzel, Robert and Beuls, Katrien and van Eecke, Paul},
  editor    = {Calzolari, Nicoletta and Kan, Min-Yen and Hoste, Veronique and Lenci, Alessandro and Sakti, Sakriani and Xue, Nianwen},
  booktitle = {Proceedings of the 2024 Joint International Conference on Computational Linguistics, Language Resources and Evaluation (LREC-COLING 2024)},
  address   = {Torino, Italia},
  month     = may,
  year      = {2024},
  publisher = {ELRA and ICCL},
  pages     = {22--42},
  url       = {https://aclanthology.org/2024.lrec-main.3/}
}

@inproceedings{diwan2020named,
  author    = {Diwan, Nirav and Batra, Devansh and Bagler, Ganesh},
  title     = {A Named Entity Based Approach to Model Recipes},
  booktitle = {2020 IEEE 36th International Conference on Data Engineering Workshops (ICDEW) â€” DECOR Workshop},
  year      = {2020},
  pages     = {88--93},
  publisher = {IEEE},
  note      = {Also available as arXiv:2004.12184},
  url       = {https://arxiv.org/abs/2004.12184}
}

@mastersthesis{roorda2021corel,
  author = {Roorda, Auke},
  title  = {Corel: A DSL for Cooking Recipes},
  school = {University of Groningen},
  year   = {2021},
  type   = {Bachelor's Thesis},
  address= {Groningen, The Netherlands},
  url    = {https://fse.studenttheses.ub.rug.nl/25731/}
}

@inproceedings{mori2014flow,
  title     = {Flow Graph Corpus from Recipe Texts},
  author    = {Mori, Shinsuke and Maeta, Hirokuni and Yamakata, Yoko and Sasada, Tetsuro},
  booktitle = {Proceedings of the Ninth International Conference on Language Resources and Evaluation (LREC'14)},
  address   = {Reykjavik, Iceland},
  month     = may,
  year      = {2014},
  publisher = {European Language Resources Association (ELRA)},
  pages     = {2370--2377},
  url       = {https://aclanthology.org/L14-1594/}
}

@techreport{agarwal2011ie,
  author      = {Agarwal, Rahul and Miller, Kevin},
  title       = {Information Extraction from Recipes},
  institution = {Stanford University},
  year        = {2011},
  type        = {CS224N Course Project Report},
  url         = {https://nlp.stanford.edu/courses/cs224n/2011/reports/rahul1-kjmiller.pdf}
}

@inproceedings{papadopoulos2022programs,
  author    = {Papadopoulos, Dim P. and Mora, Enrique and Chepurko, Nadiia and Huang, Kuan Wei and Ofli, Ferda and Torralba, Antonio},
  title     = {Learning Program Representations for Food Images and Cooking Recipes},
  booktitle = {Proceedings of the IEEE/CVF Conference on Computer Vision and Pattern Recognition (CVPR)},
  year      = {2022},
  pages     = {16559--16568},
  url       = {https://openaccess.thecvf.com/content/CVPR2022/papers/Papadopoulos_Learning_Program_Representations_for_Food_Images_and_Cooking_Recipes_CVPR_2022_paper.pdf}
}

@article{wang2023structural,
  author  = {Wang, Hao and Lin, Guosheng and Hoi, Steven C. H. and Miao, Chunyan},
  title   = {Learning Structural Representations for Recipe Generation and Food Retrieval},
  journal = {IEEE Transactions on Pattern Analysis and Machine Intelligence},
  year    = {2023},
  volume  = {45},
  number  = {3},
  pages   = {3363--3377},
  doi     = {10.1109/TPAMI.2022.3181294}
}

@inproceedings{jermsurawong2015structure,
  title     = {Predicting the Structure of Cooking Recipes},
  author    = {Jermsurawong, Jermsak and Habash, Nizar},
  booktitle = {Proceedings of the 2015 Conference on Empirical Methods in Natural Language Processing (EMNLP)},
  address   = {Lisbon, Portugal},
  month     = sep,
  year      = {2015},
  publisher = {Association for Computational Linguistics},
  pages     = {781--786},
  url       = {https://aclanthology.org/D15-1090/},
  doi       = {10.18653/v1/D15-1090}
}

@inproceedings{mori2012ml,
  author    = {Mori, Shinsuke and Sasada, Tetsuro and Yamakata, Yoko and Yoshino, Koichiro},
  title     = {A Machine Learning Approach to Recipe Text Processing},
  booktitle = {Proceedings of the ECAI 2012 Workshop on Cooking with Computers (CwC)},
  address   = {Montpellier, France},
  year      = {2012},
  pages     = {29--34},
  url       = {https://www.lirmm.fr/ecai2012/images/stories/ecai_doc/pdf/workshop/W29_proceedingsCWC2012.pdf}
}

@techreport{tasse2008sourcream,
  author      = {Tasse, Dan and Smith, Noah A.},
  title       = {SOUR CREAM: Toward Semantic Processing of Recipes},
  institution = {Language Technologies Institute, Carnegie Mellon University},
  number      = {CMU-LTI-08-005},
  address     = {Pittsburgh, PA},
  month       = may,
  year        = {2008},
  url         = {https://homes.cs.washington.edu/~nasmith/papers/tasse%2Bsmith.tr08.pdf}
}

@misc{le2019englishbreakfast,
  author       = {Le, Stephanie},
  title        = {A Breakdown of the Full English Breakfast},
  howpublished = {\url{https://iamafoodblog.com/a-breakdown-of-the-full-english-breakfast/}},
  year         = {2019},
  note         = {Accessed: 2024-05-24},
  publisher    = {I am a Food Blog}
}

@misc{bagler2022generative,
  title         = {A Generative Grammar of Cooking},
  author        = {Bagler, Ganesh},
  year          = {2022},
  month         = nov,
  eprint        = {2211.09059},
  archivePrefix = {arXiv},
  doi           = {10.48550/arXiv.2211.09059},
  url           = {https://arxiv.org/abs/2211.09059}
}